@inproceedings{ma2020understanding,
  title={Understanding the impact of model incoherence on convergence of incremental sgd with random reshuffle},
  author={Ma, Shaocong and Zhou, Yi},
  booktitle={International Conference on Machine Learning},
  pages={6565--6574},
  year={2020},
  organization={PMLR}
}

@inproceedings{ma2020variance,
 author = {Ma, Shaocong and Zhou, Yi and Zou, Shaofeng},
 booktitle = {Advances in Neural Information Processing Systems},
 editor = {H. Larochelle and M. Ranzato and R. Hadsell and M.F. Balcan and H. Lin},
 pages = {14796--14806},
 publisher = {Curran Associates, Inc.},
 title = {Variance-Reduced Off-Policy TDC Learning: Non-Asymptotic Convergence Analysis},
 url = {https://proceedings.neurips.cc/paper_files/paper/2020/file/a992995ef4f0439b258f2360dbb85511-Paper.pdf},
 volume = {33},
 year = {2020}
}
